%
% My own abbreviations for different journals (A&A Version)
%
% This file to be used together with mnemonic.bib 
%
@string{aes={Adv.\ Eng.\ Softw.}}
@string{adndt="Atomic Data Nucl.\ Data Tables"}
@string{aipcnf="Am.\ Inst.\ Phys., Conf.\ Ser."}
@string{aj = "AJ"}
@string{al = "Astron.\ Let."}
@string{algor={Algorithmica}}
@string{araa = "Ann.\ Rev.\ Astron.\ Astrophys."}
@string{asp = "Astron.\ Soc.\ Pacific"}
@string{aspcnf = "Astron.\ Soc.\ Pacific, Conf.\ Ser."}
@string{aspr = "Astrophys. Rep."}
@string{astlet="Astron.\ Lett."}
@string{compgeo={Computers \& Geosciences}}
@string{cup="Cambridge Univ.\ Press"}
@string{ijnme={Intern.\ J.\ Num.\ Meth.\ Eng.}}
@string{mn="MNRAS"}
@string{mnras = mn}
@string{pasj="PASJ"}
@string{phmag="Phil.\ Mag."}
@string{phz="Phys.\ Z."}
@string{prev="Phys.\ Rev."}
@string{rmast="Rep.\ Mod.\ Astron."}
@string{rmaa="Rev.\ Mex.\ Astron.\ Astrophys."}
@string{zph="Z.\ Physik"}

@string{aa="A\&A"}
@string{aas="A\&AS"}
@string{apj="ApJ"}
@string{apjs="ApJS"}
@string{apss="Ap\&SS"}
@string{araa="ARA\&A"}
@string{astzh="AZh"}
@string{apjs="ApJS"}
@string{apjss="ApJS"}
@string{baas="BAAS"}
@string{mn=mnras}
@string{mnras="MNRAS"}
@string{pasj="PASJ"}
@string{pasp="PASP"}
@string{nat="Nat"}
@string{natps="Nat, Phys.\ Sci."}
@string{sci="Sci"}
@string{sa="SvA"}
@string{sal="SvA Letters"}



@string{first =  "$1^{\mbox{\scriptsize st}}$ "}
@string{second = "$2^{\mbox{\scriptsize nd}}$ "}
@string{third =  "$3^{\mbox{\scriptsize rd}}$ "}
@string{fourth=  "$4^{\mbox{\scriptsize th}}$ "}
@string{fifth=   "$5^{\mbox{\scriptsize th}}$ "}
@string{sixth =  "$6^{\mbox{\scriptsize th}}$ "}

