@ARTICLE{Grinberg_2014a,
   author = {{Grinberg}, V. and {Pottschmidt}, K. and {B{\"o}ck},
                  M. and {Schmid}, C. and {Nowak}, M.~A. and {Uttley},
                  P. and {Tomsick}, J.~A. and {Rodriguez}, J. and
                  {Hell}, N. and {Markowitz}, A. and {Bodaghee},
                  A. and {Cadolle Bel}, M. and {Rothschild}, R.~E. and
                  {Wilms}, J.},
    title = "{Long term variability of Cygnus X-1. VI. Energy-resolved X-ray variability 1999-2011}",
  journal = {\aap},
archivePrefix = "arXiv",
   eprint = {1402.4485},
 primaryClass = "astro-ph.HE",
 keywords = {X-rays: binaries, stars: individual: Cygnus X-1, binaries: close},
     year = 2014,
    month = may,
   volume = 565,
      eid = {A1},
    pages = {A1},
      doi = {10.1051/0004-6361/201322969},
   adsurl = {http://adsabs.harvard.edu/abs/2014A%26A...565A...1G},
  adsnote = {Provided by the SAO/NASA Astrophysics Data System}
}